@article{taylor2008literature,
  title={The literature review: A few tips on conducting it},
  author={Taylor, Dena and Procter, Margaret},
  journal={University of Toronto Writing Support Site.[January 20, 2013]},
  volume={68},
  year={2008}
}

@article{rai2012,
  title={The Minesweepers},
  author={Rai, Bishwa and Parajuli, Krishna},
  journal={Example Journal Name},
  year={2012}
}

@article{doe2012,
  title={Example},
  author={Doe, John},
  journal={A Journal},
  year={2012}
}